% A3C
@inproceedings{mnih2016asynchronous,
  title={Asynchronous methods for deep reinforcement learning},
  author={Mnih, Volodymyr and Badia, Adria Puigdomenech and Mirza, Mehdi and Graves, Alex and Lillicrap, Timothy and Harley, Tim and Silver, David and Kavukcuoglu, Koray},
  booktitle={International conference on machine learning},
  pages={1928--1937},
  year={2016}
}

% Github A3C
@misc{pytorchaaac,
  author = {Morvan, Zhou},
  title = {PyTorch Implementations of Asynchronous Advantage Actor Critic},
  year = {2018},
  publisher = {GitHub},
  journal = {GitHub repository},
  howpublished = {\url{https://github.com/MorvanZhou/pytorch-A3C}},
}

% Github python simspark agent
@misc{pysimspark,
  author = {Edison, Moreland},
  title = {Python Implementation of Simspark Agent},
  year = {2018},
  publisher = {GitHub},
  journal = {GitHub repository},
  howpublished = {\url{https://github.com/edison-moreland/py-simspark}},
}

@inproceedings{sporeanim,
 author = {Chris Hecker and Bernd Raabe and Ryan W. Enslow and 
           John DeWeese and Jordan Maynard and Kees van Prooijen},
 title = {Real-time Motion Retargeting to Highly Varied User-Created Morphologies},
 booktitle = {Proceedings of ACM SIGGRAPH '08},
 note={\url{http://chrishecker.com/Real-time_Motion_Retargeting_to_Highly_Varied_User-Created_Morphologies}},
 year = {2008} }

% Simspark User Manual
@misc{usermanual,
  author = {Xu, Yuan and Vatankhah, Hedayat},
  year = {2010},
  title = {User Manual Simspark},
  howpublished = {http://www.cs.utexas.edu/~pstone/Courses/344Mfall10/assignments/Manual_3d.pdf}
}

% BVH data
@misc{Maddock_motioncapture,
    author = {M. Meredith S. Maddock},
    title = {Motion Capture File Formats Explained},
    year = {2001}
}

% Sutton and Barto 
@book{Sutton:1998:IRL:551283,
 author = {Sutton, Richard S. and Barto, Andrew G.},
 title = {Introduction to Reinforcement Learning},
 year = {1998},
 isbn = {0262193981},
 edition = {1st},
 publisher = {MIT Press},
 address = {Cambridge, MA, USA},
} 

% optimized walk
@InProceedings{AAAI12-MacAlpine,
  author = {Patrick MacAlpine and Samuel Barrett and Daniel Urieli and Victor Vu and Peter Stone},
  title = {Design and Optimization of an Omnidirectional Humanoid Walk:
A Winning Approach at the {R}obo{C}up 2011 3{D} Simulation Competition},
  booktitle = {Proceedings of the Twenty-Sixth AAAI Conference on Artificial Intelligence (AAAI)},
  location = {Toronto, Ontario, Canada},
  month = {July},
  year = {2012},
}

% Motion retargeting %cmu5
@inproceedings{Gleicher:1998:RMN:280814.280820,
 author = {Gleicher, Michael},
 title = {Retargetting Motion to New Characters},
 booktitle = {Proceedings of the 25th Annual Conference on Computer Graphics and Interactive Techniques},
 series = {SIGGRAPH '98},
 year = {1998},
 isbn = {0-89791-999-8},
 pages = {33--42},
 numpages = {10},
 url = {http://doi.acm.org/10.1145/280814.280820},
 doi = {10.1145/280814.280820},
 acmid = {280820},
 publisher = {ACM},
 address = {New York, NY, USA},
 keywords = {motion capture, motion editing, motion signal-processing, spacetime constraints},
} 


% deep mimic
@article{Peng:2018:DED:3197517.3201311,
 author = {Peng, Xue Bin and Abbeel, Pieter and Levine, Sergey and van de Panne, Michiel},
 title = {DeepMimic: Example-guided Deep Reinforcement Learning of Physics-based Character Skills},
 journal = {ACM Trans. Graph.},
 volume = {37},
 number = {4},
 month = {jul},
 year = {2018},
 issn = {0730-0301},
 pages = {143:1--143:14},
 articleno = {143},
 numpages = {14},
 url = {http://doi.acm.org/10.1145/3197517.3201311},
 doi = {10.1145/3197517.3201311},
 acmid = {3201311},
 publisher = {ACM},
 address = {New York, NY, USA},
 keywords = {motion control, physics-based character animation, reinforcement learning},
} 


% cmu1
@article{tutsoy2017learning,
  title={Learning to balance an NAO robot using reinforcement learning with symbolic inverse kinematic},
  author={Tutsoy, Onder and Erol Barkana, Duygun and Colak, Sule},
  journal={Transactions of the Institute of Measurement and Control},
  volume={39},
  number={11},
  pages={1735--1748},
  year={2017},
  publisher={SAGE Publications Sage UK: London, England}
}

% cmu2
@article{laisurvey,
  title={A Survey of Balance Control Strategy for Humanoid Robots},
  author={Lai, Xiaochen and Wu, Xia and Fang, Yuan and Wang, Xiaoliang},
  year={2016},
}

% cmu3
@inproceedings{yang2017emergence,
  title={Emergence of human-comparable balancing behaviours by deep reinforcement learning},
  author={Yang, Chuanyu and Komura, Taku and Li, Zhibin},
  booktitle={2017 IEEE-RAS 17th International Conference on Humanoid Robotics (Humanoids)},
  pages={372--377},
  year={2017},
  organization={IEEE}
}

% cmu4
@inproceedings{peters2003reinforcement,
  title={Reinforcement learning for humanoid robotics},
  author={Peters, Jan and Vijayakumar, Sethu and Schaal, Stefan},
  booktitle={Proceedings of the third IEEE-RAS international conference on humanoid robots},
  pages={1--20},
  year={2003}
}

% cmu5
@inproceedings{macalpine2012ut,
  title={UT Austin Villa: RoboCup 2012 3D simulation league champion},
  author={MacAlpine, Patrick and Collins, Nick and Lopez-Mobilia, Adrian and Stone, Peter},
  booktitle={Robot Soccer World Cup},
  pages={77--88},
  year={2012},
  organization={Springer}
}

% Github A3C
@misc{utaustin,
  author = {MacAlpine},
  title = {UT Austin Villa RoboCup 3D simulation team base code releas},
  year = {2018},
  publisher = {GitHub},
  journal = {GitHub repository},
  howpublished = {\url{https://github.com/LARG/utaustinvilla3d}},
}

% cmu6
@inproceedings{al2018robust,
  title={Robust Physics-based Motion Retargeting with Realistic Body Shapes},
  author={Al Borno, Mazen and Righetti, Ludovic and Black, Michael J and Delp, Scott L and Fiume, Eugene and Romero, Javier},
  booktitle={Computer Graphics Forum},
  volume={37},
  pages={81--92},
  year={2018},
  organization={Wiley Online Library}
}
